@INPROCEEDINGS{a4,
author={T. {Pitchaiah} and P. {Sowmya} and P. V. {Sridevi}},
booktitle={2015 13th International Conference on Electromagnetic Interference and Compatibility (INCEMIC)},
title={ASIC realization of FIR digital filters â€” A comparision study of power, area and delay for various architecures},
year={2015},
volume={},
number={},
pages={259-262},}
@INPROCEEDINGS{a1,
author={M. {Wenjing} and S. {Mei}},
booktitle={2008 International Conference on MultiMedia and Information Technology},
title={An Optimal Authorization Method Based on Integrated AAA Architecure with PANA Mechanism in Heterogeneous Network},
year={2008},
volume={},
number={},
pages={689-692},}
@INPROCEEDINGS{a2,
author={V. {Ganapathi Puppala}},
booktitle={2013 3rd IEEE International Advance Computing Conference (IACC)},
title={VLIW - SIMD processor based scalable architecure for parallel classifier node computing},
year={2013},
volume={},
number={},
pages={1496-1502},}
@INPROCEEDINGS{a3,
author={P. {Lall} and D. {Iyengar} and S. {Shantaram} and D. {Panchagade} and J. {Suhling}},
booktitle={2008 11th Intersociety Conference on Thermal and Thermomechanical Phenomena in Electronic Systems},
title={Development of survivability envelopes for SnAg leadfree packaging architecures under shock and vibration},
year={2008},
volume={},
number={},
pages={822-835},}