@manual{archi3.1,
	ALTauthor = {OG},
	ALTeditor = {The Open Group},
	title = {ArchiMateÂ® 3.1 Specification},	
}
